@article{bitcoin,
author = {Nakamoto, Satoshi},
year = {2009},
month = {03},
pages = {},
title = {Bitcoin: A Peer-to-Peer Electronic Cash System},
journal = {Cryptography Mailing list at https://metzdowd.com}
}

@article{buterin2014next,
  title={A next-generation smart contract and decentralized application platform},
  author={Buterin, Vitalik and others},
  journal={white paper},
  volume={3},
  number={37},
  year={2014}
}

@article{ethereum-wood,
  title={Ethereum: A secure decentralised generalised transaction ledger},
  author={Wood, Gavin and others},
  journal={Ethereum project yellow paper},
  volume={151},
  number={2014},
  pages={1--32},
  year={2014}
}

@inproceedings{garay2015bitcoin,
  title={The bitcoin backbone protocol: Analysis and applications},
  author={Garay, Juan and Kiayias, Aggelos and Leonardos, Nikos},
  booktitle={Annual international conference on the theory and applications of cryptographic techniques},
  pages={281--310},
  year={2015},
  organization={Springer}
}

 @misc{lerner_2015, title={Proof of unique blockchain storage}, url={https://bitslog.com/2014/11/03/proof-of-local-blockchain-storage/}, journal={Bitslog}, author={Lerner, Sergio Demian}, year={2015}, month={Sep}} 
 
 @inproceedings{luu2015demystifying,
  title={Demystifying incentives in the consensus computer},
  author={Luu, Loi and Teutsch, Jason and Kulkarni, Raghav and Saxena, Prateek},
  booktitle={Proceedings of the 22nd ACM SIGSAC Conference on Computer and Communications Security},
  pages={706--719},
  year={2015}
}

@article{fisch2018poreps,
  title={PoReps: Proofs of Space on Useful Data.},
  author={Fisch, Ben},
  journal={IACR Cryptol. ePrint Arch.},
  volume={2018},
  pages={678},
  year={2018}
}

@inproceedings{park2018spacemint,
  title={Spacemint: A cryptocurrency based on proofs of space},
  author={Park, Sunoo and Kwon, Albert and Fuchsbauer, Georg and Ga{\v{z}}i, Peter and Alwen, Jo{\"e}l and Pietrzak, Krzysztof},
  booktitle={International Conference on Financial Cryptography and Data Security},
  pages={480--499},
  year={2018},
  organization={Springer}
}

@misc{cohen2019chia,
  title={The chia network blockchain},
  author={Cohen, Bram and Pietrzak, Krzysztof},
  year={2019}
}

@inproceedings{moran2019simple,
  title={Simple proofs of space-time and rational proofs of storage},
  author={Moran, Tal and Orlov, Ilan},
  booktitle={Annual International Cryptology Conference},
  pages={381--409},
  year={2019},
  organization={Springer}
}

@inproceedings{miller2014permacoin,
  title={Permacoin: Repurposing bitcoin work for data preservation},
  author={Miller, Andrew and Juels, Ari and Shi, Elaine and Parno, Bryan and Katz, Jonathan},
  booktitle={2014 IEEE Symposium on Security and Privacy},
  pages={475--490},
  year={2014},
  organization={IEEE}
}

@article{benet2017proof,
  title={Proof of replication},
  author={Benet, Juan and Dalrymple, David and Greco, Nicola},
  journal={Protocol Labs, July},
  volume={27},
  pages={20},
  year={2017}
}

@inproceedings{van2012hourglass,
  title={Hourglass schemes: how to prove that cloud files are encrypted},
  author={Van Dijk, Marten and Juels, Ari and Oprea, Alina and Rivest, Ronald L and Stefanov, Emil and Triandopoulos, Nikos},
  booktitle={Proceedings of the 2012 ACM conference on Computer and communications security},
  pages={265--280},
  year={2012}
}

@article{lenstra2015random,
  title={A random zoo: sloth, unicorn, and trx.},
  author={Lenstra, Arjen K and Wesolowski, Benjamin},
  journal={IACR Cryptol. ePrint Arch.},
  volume={2015},
  pages={366},
  year={2015}
}

@article{alper2019network,
  title={Network time with a consensus on clock},
  author={Alper, Handan K{\i}l{\i}n{\c{c}}},
  journal={Cryptology ePrint Archive, Report 2019/1348},
  year={2019}
}

@inproceedings{brown2019formal,
  title={Formal barriers to longest-chain proof-of-stake protocols},
  author={Brown-Cohen, Jonah and Narayanan, Arvind and Psomas, Alexandros and Weinberg, S Matthew},
  booktitle={Proceedings of the 2019 ACM Conference on Economics and Computation},
  pages={459--473},
  year={2019}
}

@article{wang2019proof,
  title={Proof-of-Stake Longest Chain Protocols Revisited},
  author={Wang, Xuechao and Kamath, Govinda and Bagaria, Vivek and Kannan, Sreeram and Oh, Sewoong and Tse, David and Viswanath, Pramod},
  journal={arXiv preprint arXiv:1910.02218},
  year={2019}
}

@article{bagaria2019proof,
  title={Proof-of-stake longest chain protocols: Security vs predictability},
  author={Bagaria, Vivek and Dembo, Amir and Kannan, Sreeram and Oh, Sewoong and Tse, David and Viswanath, Pramod and Wang, Xuechao and Zeitouni, Ofer},
  journal={arXiv preprint arXiv:1910.02218},
  year={2019}
}

@inproceedings{kiayias2017ouroboros,
  title={Ouroboros: A provably secure proof-of-stake blockchain protocol},
  author={Kiayias, Aggelos and Russell, Alexander and David, Bernardo and Oliynykov, Roman},
  booktitle={Annual International Cryptology Conference},
  pages={357--388},
  year={2017},
  organization={Springer}
}

@inproceedings{karger1997consistent,
  title={Consistent hashing and random trees: Distributed caching protocols for relieving hot spots on the world wide web},
  author={Karger, David and Lehman, Eric and Leighton, Tom and Panigrahy, Rina and Levine, Matthew and Lewin, Daniel},
  booktitle={Proceedings of the twenty-ninth annual ACM symposium on Theory of computing},
  pages={654--663},
  year={1997}
}

@article{reed1960polynomial,
  title={Polynomial codes over certain finite fields},
  author={Reed, Irving S and Solomon, Gustave},
  journal={Journal of the society for industrial and applied mathematics},
  volume={8},
  number={2},
  pages={300--304},
  year={1960},
  publisher={SIAM}
}

@inproceedings{maymounkov2002kademlia,
  title={Kademlia: A peer-to-peer information system based on the xor metric},
  author={Maymounkov, Petar and Mazieres, David},
  booktitle={International Workshop on Peer-to-Peer Systems},
  pages={53--65},
  year={2002},
  organization={Springer}
}

@inproceedings{cohen2003incentives,
  title={Incentives build robustness in BitTorrent},
  author={Cohen, Bram},
  booktitle={Workshop on Economics of Peer-to-Peer systems},
  volume={6},
  pages={68--72},
  year={2003},
  organization={Berkeley, CA, USA}
}

@article{buterin2017casper,
  title={Casper the friendly finality gadget},
  author={Buterin, Vitalik and Griffith, Virgil},
  journal={arXiv preprint arXiv:1710.09437},
  year={2017}
}

@article{al2018fraud,
  title={Fraud proofs: Maximising light client security and scaling blockchains with dishonest majorities},
  author={Al-Bassam, Mustafa and Sonnino, Alberto and Buterin, Vitalik},
  journal={arXiv preprint arXiv:1809.09044},
  volume={160},
  year={2018}
}

 @misc{buterin_2014, title={Slasher: A Punitive Proof-of-Stake Algorithm}, url={https://blog.ethereum.org/2014/01/15/slasher-a-punitive-proof-of-stake-algorithm/}, journal={Ethereum Foundation Blog}, author={Buterin, Vitalik}, year={2014}, month={Jan}} 
 
@article{hentschel2019flow1,
  title={Flow: Separating Consensus and Compute},
  author={Hentschel, Alexander and Shirley, Dieter and Lafrance, Layne},
  journal={arXiv preprint arXiv:1909.05821v1},
  year={2019}
}

@article{hentschel2020flow2,
  title={Flow: Separating Consensus and Compute--Block Formation and Execution},
  author={Hentschel, Alexander and Hassanzadeh-Nazarabadi, Yahya and Seraj, Ramtin and Shirley, Dieter and Lafrance, Layne},
  journal={arXiv preprint arXiv:2002.07403v1},
  year={2020}
}

@article{hentschel2019flow3,
  title={Flow: Separating Consensus and Compute--Execution Verification},
  author={Hentschel, Alexander and Shirley, Dieter and Lafrance, Layne and Zamski, Maor},
  journal={arXiv preprint arXiv:1909.05832},
  year={2019}
}

@article{teutsch2018truebit,
  title={Truebit: a scalable verification solution for blockchains},
  author={Teutsch, Jason and Reitwie{\ss}ner, Christian},
  journal={White Papers},
  year={2018}
}

@article{al2017chainspace,
  title={Chainspace: A sharded smart contracts platform},
  author={Al-Bassam, Mustafa and Sonnino, Alberto and Bano, Shehar and Hrycyszyn, Dave and Danezis, George},
  journal={arXiv preprint arXiv:1708.03778},
  year={2017}
}

@article{al2019lazyledger,
  title={Lazyledger: A distributed data availability ledger with client-side smart contracts},
  author={Al-Bassam, Mustafa},
  journal={arXiv preprint arXiv:1905.09274},
  year={2019}
}

 @inproceedings{bunz2020flyclient,
  title={Flyclient: Super-light clients for cryptocurrencies},
  author={B{\"u}nz, Benedikt and Kiffer, Lucianna and Luu, Loi and Zamani, Mahdi},
  booktitle={2020 IEEE Symposium on Security and Privacy (SP)},
  pages={928--946},
  year={2020},
  organization={IEEE}
}
 
 @article{boneh2004short,
  title={Short signatures from the Weil pairing},
  author={Boneh, Dan and Lynn, Ben and Shacham, Hovav},
  journal={Journal of cryptology},
  volume={17},
  number={4},
  pages={297--319},
  year={2004},
  publisher={Springer}
}

@inproceedings{boneh2019batching,
  title={Batching techniques for accumulators with applications to iops and stateless blockchains},
  author={Boneh, Dan and B{\"u}nz, Benedikt and Fisch, Ben},
  booktitle={Annual International Cryptology Conference},
  pages={561--586},
  year={2019},
  organization={Springer}
}

@inproceedings{tomescu2020aggregatable,
  title={Aggregatable subvector commitments for stateless cryptocurrencies},
  author={Tomescu, Alin and Abraham, Ittai and Buterin, Vitalik and Drake, Justin and Feist, Dankrad and Khovratovich, Dmitry},
  booktitle={International Conference on Security and Cryptography for Networks},
  pages={45--64},
  year={2020},
  organization={Springer}
}

@inproceedings{agrawal2020kvac,
  title={KVaC: Key-Value Commitments for Blockchains and Beyond},
  author={Agrawal, Shashank and Raghuraman, Srinivasan},
  booktitle={International Conference on the Theory and Application of Cryptology and Information Security},
  pages={839--869},
  year={2020},
  organization={Springer}
}

@misc{rubin2014merkelized,
  title={Merkelized abstract syntax trees},
  author={Rubin, Jeremy and Naik, Manali and Subramanian, Nitya},
  year={2014},
  publisher={Tech. Rep}
}

@inproceedings{bagaria2019prism,
  title={Prism: Deconstructing the blockchain to approach physical limits},
  author={Bagaria, Vivek and Kannan, Sreeram and Tse, David and Fanti, Giulia and Viswanath, Pramod},
  booktitle={Proceedings of the 2019 ACM SIGSAC Conference on Computer and Communications Security},
  pages={585--602},
  year={2019}
}

@misc{li2020taiji,
      title={TaiJi: Longest Chain Availability with BFT Fast Confirmation}, 
      author={Songze Li and David Tse},
      year={2020},
      eprint={2011.11097},
      archivePrefix={arXiv},
      primaryClass={cs.CR}
}

@article{rana2020free2shard,
  title={Free2Shard: Adaptive-adversary-resistant sharding via Dynamic Self Allocation},
  author={Rana, Ranvir and Kannan, Sreeram and Tse, David and Viswanath, Pramod},
  journal={arXiv preprint arXiv:2005.09610},
  year={2020}
}

@article{vorick2014sia,
  title={Sia: Simple decentralized storage},
  author={Vorick, David and Champine, Luke},
  journal={Nebulous Inc},
  year={2014}
}

@article{wilkinson2014storj,
  title={Storj a peer-to-peer cloud storage network},
  author={Wilkinson, Shawn and Boshevski, Tome and Brandoff, Josh and Buterin, Vitalik},
  year={2014},
  publisher={Citeseer}
}

@article{benet2018filecoin,
  title={Filecoin: A decentralized storage network},
  author={Benet, Juan and Greco, Nicola},
  journal={Protoc. Labs},
  pages={1--36},
  year={2018}
}

@article{williams2019arweave,
  title={Arweave: A Protocol for Economically Sustainable Information Permanence},
  author={Williams, Sam and Diordiiev, Viktor and Berman, Lev and Uemlianin, Ivan},
  journal={arweave. org, Tech. Rep},
  year={2019}
}





